<record><leader>00000cas a2200000 a 4500</leader><controlfield tag="001">11986076</controlfield><controlfield tag="008">850501d18831884ksuwr ne      0    0eng d</controlfield><datafield ind1=" " ind2=" " tag="010"><subfield code="a">sn 85031285 </subfield></datafield><datafield ind1=" " ind2=" " tag="040"><subfield code="a">KSH</subfield><subfield code="b">eng</subfield><subfield code="c">KSH</subfield><subfield code="d">NPT</subfield><subfield code="d">OCL</subfield><subfield code="d">OCLCQ</subfield></datafield><datafield ind1=" " ind2=" " tag="042"><subfield code="a">msc</subfield></datafield><datafield ind1="0" ind2="4" tag="245"><subfield code="a">The Oneida chieftain.</subfield></datafield><datafield ind1="1" ind2="3" tag="246"><subfield code="a">Oneida democrat</subfield><subfield code="f">Mar. 8-Apr. 17, 1884</subfield></datafield><datafield ind1="1" ind2="3" tag="246"><subfield code="a">Oneida dispatch</subfield><subfield code="f">Apr. 23-July 17, 1884</subfield></datafield><datafield ind1=" " ind2=" " tag="260"><subfield code="a">Oneida, Kan. :</subfield><subfield code="b">John G. Scott,</subfield><subfield code="c">1883-</subfield></datafield><datafield ind1=" " ind2=" " tag="300"><subfield code="a">v. ;</subfield><subfield code="c">49-54 cm.</subfield></datafield><datafield ind1=" " ind2=" " tag="310"><subfield code="a">Weekly</subfield></datafield><datafield ind1="0" ind2=" " tag="362"><subfield code="a">Vol. 1, no. 1 (Mar. 31, 1883)-</subfield></datafield><datafield ind1="1" ind2=" " tag="362"><subfield code="a">Ceased in 1884?</subfield></datafield><datafield ind1=" " ind2=" " tag="500"><subfield code="a">Published by: Scott &amp; Hardy, Apr. 28-Aug. 18, 1883; Noah Hardy, Aug. 25, 1883-Jan. 19, 1884; A.J. Tucker, Jan. 26-July 17, 1884.</subfield></datafield><datafield ind1=" " ind2=" " tag="752"><subfield code="a">United States</subfield><subfield code="b">Kansas</subfield><subfield code="c">Nemaha</subfield><subfield code="d">Oneida.</subfield></datafield></record>